111101111111113333322222222222222222222222222222222222333331011111111111111
110111011111113333322222222222222222222222222222222222333331111111111111111
111111111111103333322222222222222222222222222222222222333331110101011111111
111111101111113333322222222222222222222222222222222222333331111111111111111
111110111111113333322222222222222222222222222222222222333331111111011111001
011111111111113333322222222222222222222222222222222222333331101111111101111
111111111111113333322222222222222222222222222222222222333331011111111101111
111111011111113333322222222222222222222222222222222222333331111111111111111
111111001111113333322222222222222222222222222222222222333331101111111111111
111101111110113333322222222222222222222222222222222222333331011111111111101
111111111111113333322222222222222222222222222222222222333331111111111111101
111111111111113333322222222222222222222222222222222222333331101111111101111
111111011111113333322222222222222222222222222222222222333331110111011011111
111111111111113333322222222222222222222222222222222222333331100101111111111
333333333333333333322222222222222222222222222222222222333333333333333333333
333333333333333333322222222222222222222222222222222222333333333333333333333
333333333333333333322222222222222222222222222222222222333333333333333333333
333333333333333333322222222222222222222222222222222222333333333333333333333
333333333333333333322222222222222222222222222222222222333333333333333333333
222222222222222222222222222222222222222222222222222222222222222222222222222
222222222222222222222222222222222222222222222222222222222222222222222222222
222222222222222222222222222222222222222222222222222222222222222222222222222
222222222222222222222222222222222222222222222222222222222222222222222222222
222222222222222222222222222222222222222222222222222222222222222222222222222
222222222222222222222222222222222222222222222222222222222222222222222222222
222222222222222222222222222222222222222222222222222222222222222222222222222
222222222222222222222222222222222222222222222222222222222222222222222222222
222222222222222222222222222222222222222222222222222222222222222222222222222
222222222222222222222222222222222222222222222222222222222222222222222222222
222222222222222222222222222222222222222222222222222222222222222222222222222
222222222222222222222222222222222222222222222222222222222222222222222222222
222222222222222222222222222222222222222222222222222222222222222222222222222
222222222222222222222222222222222222222222222222222222222222222222222222222
222222222222222222222222222222222222222222222222222222222222222222222222222
222222222222222222222222222222222222222222222222222222222222222222222222222
222222222222222222222222222222222222222222222222222222222222222222222222222
222222222222222222222222222222222222222222222222222222222222222222222222222
222222222222222222222222222222222222222222222222222222222222222222222222222
222222222222222222222222222222222222222222222222222222222222222222222222222
222222222222222222222222222222222222222222222222222222222222222222222222222
222222222222222222222222222222222222222222222222222222222222222222222222222
222222222222222222222222222222222222222222222222222222222222222222222222222
222222222222222222222222222222222222222222222222222222222222222222222222222
222222222222222222222222222222222222222222222222222222222222222222222222222
222222222222222222222222222222222222222222222222222222222222222222222222222
222222222222222222222222222222222222222222222222222222222222222222222222222
222222222222222222222222222222222222222222222222222222222222222222222222222
222222222222222222222222222222222222222222222222222222222222222222222222222
222222222222222222222222222222222222222222222222222222222222222222222222222
222222222222222222222222222222222222222222222222222222222222222222222222222
222222222222222222222222222222222222222222222222222222222222222222222222222
222222222222222222222222222222222222222222222222222222222222222222222222222
222222222222222222222222222222222222222222222222222222222222222222222222222
222222222222222222222222222222222222222222222222222222222222222222222222222
333333333333333333322222222222222222222222222222222222333333333333333333333
333333333333333333322222222222222222222222222222222222333333333333333333333
333333333333333333322222222222222222222222222222222222333333333333333333333
333333333333333333322222222222222222222222222222222222333333333333333333333
333333333333333333322222222222222222222222222222222222333333333333333333333
011111111111113333322222222222222222222222222222222222333331111011101111111
110111111111113333322222222222222222222222222222222222333331111111111111010
111110111110113333322222222222222222222222222222222222333331110111111111111
111111111111113333322222222222222222222222222222222222333331111111111111111
111111111111113333322222222222222222222222222222222222333331111111011111011
111101111111013333322222222222222222222222222222222222333331111111111111111
111111111111113333322222222222222222222222222222222222333331011111101110111
110111111111103333322222222222222222222222222222222222333331110111111111110
011011111111113333322222222222222222222222222222222222333331011111111111101
111111111111113333322222222222222222222222222222222222333330111110111101111
111111111111113333322222222222222222222222222222222222333331111110111101111
111111111111113333322222222222222222222222222222222222333331111111101111111
111111111111113333322222222222222222222222222222222222333331111111101111111
110111111110113333322222222222222222222222222222222222333331111111111111011
111111111001113333322222222222222222222222222222222222333331011111111101111
111011111101103333322222222222222222222222222222222222333331111111011111111
