111111111110003333322222222222222222222222222222222222333331111111111100111
110111011010113333322222222222222222222222222222222222333331111101111101111
101111111111113333322222222222222222222222222222222222333331111111111111111
111111111111103333322222222222222222222222222222222222333331111111011111111
111111111111113333322222222222222222222222222222222222333331111111111101110
011111111111113333322222222222222222222222222222222222333331110111101101111
111111101111113333322222222222222222222222222222222222333331111111111111111
111111111111113333322222222222222222222222222222222222333331111111111111111
111111111111113333322222222222222222222222222222222222333331111111111111111
111111111111103333322222222222222222222222222222222222333331111111011011111
111011011111113333322222222222222222222222222222222222333331101111111111111
111111101101113333322222222222222222222222222222222222333331111011111011111
111111111111113333322222222222222222222222222222222222333330111110111111111
111011111111013333322222222222222222222222222222222222333331011111111111110
333333333333333333322222222222222222222222222222222222333333333333333333333
333333333333333333322222222222222222222222222222222222333333333333333333333
333333333333333333322222222222222222222222222222222222333333333333333333333
333333333333333333322222222222222222222222222222222222333333333333333333333
333333333333333333322222222222222222222222222222222222333333333333333333333
222222222222222222222222222222222222222222222222222222222222222222222222222
222222222222222222222222222222222222222222222222222222222222222222222222222
222222222222222222222222222222222222222222222222222222222222222222222222222
222222222222222222222222222222222222222222222222222222222222222222222222222
222222222222222222222222222222222222222222222222222222222222222222222222222
222222222222222222222222222222222222222222222222222222222222222222222222222
222222222222222222222222222222222222222222222222222222222222222222222222222
222222222222222222222222222222222222222222222222222222222222222222222222222
222222222222222222222222222222222222222222222222222222222222222222222222222
222222222222222222222222222222222222222222222222222222222222222222222222222
222222222222222222222222222222222222222222222222222222222222222222222222222
222222222222222222222222222222222222222222222222222222222222222222222222222
222222222222222222222222222222222222222222222222222222222222222222222222222
222222222222222222222222222222222222222222222222222222222222222222222222222
222222222222222222222222222222222222222222222222222222222222222222222222222
222222222222222222222222222222222222222222222222222222222222222222222222222
222222222222222222222222222222222222222222222222222222222222222222222222222
222222222222222222222222222222222222222222222222222222222222222222222222222
222222222222222222222222222222222222222222222222222222222222222222222222222
222222222222222222222222222222222222222222222222222222222222222222222222222
222222222222222222222222222222222222222222222222222222222222222222222222222
222222222222222222222222222222222222222222222222222222222222222222222222222
222222222222222222222222222222222222222222222222222222222222222222222222222
222222222222222222222222222222222222222222222222222222222222222222222222222
222222222222222222222222222222222222222222222222222222222222222222222222222
222222222222222222222222222222222222222222222222222222222222222222222222222
222222222222222222222222222222222222222222222222222222222222222222222222222
222222222222222222222222222222222222222222222222222222222222222222222222222
222222222222222222222222222222222222222222222222222222222222222222222222222
222222222222222222222222222222222222222222222222222222222222222222222222222
222222222222222222222222222222222222222222222222222222222222222222222222222
222222222222222222222222222222222222222222222222222222222222222222222222222
222222222222222222222222222222222222222222222222222222222222222222222222222
222222222222222222222222222222222222222222222222222222222222222222222222222
222222222222222222222222222222222222222222222222222222222222222222222222222
333333333333333333322222222222222222222222222222222222333333333333333333333
333333333333333333322222222222222222222222222222222222333333333333333333333
333333333333333333322222222222222222222222222222222222333333333333333333333
333333333333333333322222222222222222222222222222222222333333333333333333333
333333333333333333322222222222222222222222222222222222333333333333333333333
110111011110113333322222222222222222222222222222222222333331111111111111011
111111111111013333322222222222222222222222222222222222333331111111111111111
111111111111113333322222222222222222222222222222222222333330111111111111111
011111111111113333322222222222222222222222222222222222333331111111111011111
111011011111013333322222222222222222222222222222222222333331111111111111111
111111111011013333322222222222222222222222222222222222333331101111011111111
111111111011113333322222222222222222222222222222222222333331111110111111111
111111111111013333322222222222222222222222222222222222333331111111001111111
101111111111113333322222222222222222222222222222222222333331111111111111101
111101111110113333322222222222222222222222222222222222333331111111100111111
111111111111113333322222222222222222222222222222222222333330111111110110111
111111111111113333322222222222222222222222222222222222333331111111110111111
110111111010113333322222222222222222222222222222222222333330111111111100111
101110111111113333322222222222222222222222222222222222333331111111111111111
111111011101103333322222222222222222222222222222222222333331111101111111101
101111111111113333322222222222222222222222222222222222333331111101011101111
